<record><leader>00000cas a2200000 a 4500</leader><controlfield tag="001">1606833</controlfield><controlfield tag="008">750907d18701914iluwr ne      0   a0swe c</controlfield><datafield ind1=" " ind2=" " tag="010"><subfield code="a">sn 86063886 </subfield></datafield><datafield ind1=" " ind2=" " tag="040"><subfield code="a">MUL</subfield><subfield code="b">eng</subfield><subfield code="c">MUL</subfield><subfield code="d">NPT</subfield><subfield code="d">YOX</subfield><subfield code="d">OCL</subfield><subfield code="d">YOX</subfield><subfield code="d">NVF</subfield><subfield code="d">DLC</subfield><subfield code="d">OCL</subfield><subfield code="d">CRL</subfield><subfield code="d">CVF</subfield><subfield code="d">NVF</subfield><subfield code="d">KRTAS</subfield><subfield code="d">WIH</subfield><subfield code="d">OCLCQ</subfield><subfield code="d">OCLCF</subfield><subfield code="d">NVF</subfield><subfield code="d">OCLCO</subfield></datafield><datafield ind1=" " ind2=" " tag="012"><subfield code="b">3</subfield></datafield><datafield ind1=" " ind2=" " tag="019"><subfield code="a">1446616</subfield><subfield code="a">11463551</subfield></datafield><datafield ind1="1" ind2=" " tag="029"><subfield code="a">AU@</subfield><subfield code="b">000020476009</subfield></datafield><datafield ind1="0" ind2=" " tag="041"><subfield code="a">swe</subfield><subfield code="a">eng</subfield></datafield><datafield ind1=" " ind2=" " tag="042"><subfield code="a">pcc</subfield></datafield><datafield ind1=" " ind2=" " tag="043"><subfield code="a">n-us-il</subfield></datafield><datafield ind1="1" ind2="0" tag="242"><subfield code="a">Old and new country.</subfield><subfield code="y">eng</subfield></datafield><datafield ind1="0" ind2="0" tag="245"><subfield code="a">Gamla och nya hemlandet.</subfield></datafield><datafield ind1="1" ind2="3" tag="246"><subfield code="a">Gamla och det nya hemlandet</subfield></datafield><datafield ind1="1" ind2=" " tag="246"><subfield code="i">Publisher's box:</subfield><subfield code="a">Hemlandet, gamla och nya</subfield><subfield code="f">May 24, 1870-Oct. 3, 1871</subfield></datafield><datafield ind1=" " ind2=" " tag="260"><subfield code="a">Chicago [Ill.] :</subfield><subfield code="b">Svenska Lutherska Tryckfo&#776;reningen,</subfield><subfield code="c">1870-1914.</subfield></datafield><datafield ind1=" " ind2=" " tag="300"><subfield code="a">v.</subfield></datafield><datafield ind1=" " ind2=" " tag="310"><subfield code="a">Weekly</subfield></datafield><datafield ind1="0" ind2=" " tag="362"><subfield code="a">16 a&#778;rg., nr. 21 (24 Maj 1870)-60de a&#778;rg., no. 39 (24 Sept. 1914) = lo&#776;pande nr. 594-2905.</subfield></datafield><datafield ind1=" " ind2=" " tag="500"><subfield code="a">Title varies slightly.</subfield></datafield><datafield ind1=" " ind2=" " tag="546"><subfield code="a">In Swedish; portions in English, Mar. 20, 1913-1914.</subfield></datafield><datafield ind1=" " ind2=" " tag="580"><subfield code="a">Merged with: Svenska amerikanaren (Chicago, Ill. : 1885), to form: Svenska amerikanaren hemlandet.</subfield></datafield><datafield ind1=" " ind2="0" tag="650"><subfield code="a">Swedish Americans</subfield><subfield code="z">Illinois</subfield><subfield code="z">Chicago</subfield><subfield code="v">Newspapers.</subfield></datafield><datafield ind1=" " ind2="0" tag="651"><subfield code="a">Chicago (Ill.)</subfield><subfield code="v">Newspapers.</subfield></datafield><datafield ind1=" " ind2="7" tag="650"><subfield code="a">Swedish Americans.</subfield><subfield code="2">fast</subfield><subfield code="0">(OCoLC)fst01140023</subfield></datafield><datafield ind1=" " ind2="7" tag="651"><subfield code="a">Illinois</subfield><subfield code="z">Chicago.</subfield><subfield code="2">fast</subfield><subfield code="0">(OCoLC)fst01204048</subfield></datafield><datafield ind1=" " ind2="7" tag="655"><subfield code="a">Newspapers.</subfield><subfield code="2">fast</subfield><subfield code="0">(OCoLC)fst01423814</subfield></datafield><datafield ind1=" " ind2=" " tag="752"><subfield code="a">United States</subfield><subfield code="b">Illinois</subfield><subfield code="c">Cook</subfield><subfield code="d">Chicago.</subfield></datafield><datafield ind1="0" ind2="0" tag="780"><subfield code="t">Hemlandet det gamla och det nya</subfield><subfield code="w">(DLC)sn 87090505</subfield><subfield code="w">(OCoLC)15998121</subfield></datafield><datafield ind1="1" ind2="7" tag="785"><subfield code="t">Svenska amerikanaren (Chicago, Ill. : 1885)</subfield><subfield code="w">(DLC)sn 83045735</subfield><subfield code="w">(OCoLC)9611296</subfield></datafield><datafield ind1="1" ind2="7" tag="785"><subfield code="t">Svenska amerikanaren hemlandet</subfield><subfield code="w">(DLC)sn 83045733</subfield><subfield code="w">(OCoLC)9611386</subfield></datafield><datafield ind1=" " ind2=" " tag="938"><subfield code="a">Kirtas Technologies, Inc.</subfield><subfield code="b">KRTS</subfield><subfield code="n">733230</subfield></datafield></record>